<?xml version="1.0" encoding="UTF-8"?>
<record xmlns="http://www.loc.gov/MARC21/slim" xmlns:xsi="http://www.w3.org/2001/XMLSchema-instance" xsi:schemaLocation="http://www.loc.gov/MARC21/slim http://www.loc.gov/standards/marcxml/schema/MARC21slim.xsd">
<leader>     nam a2200193 a 4500</leader>
<controlfield tag="001">001676357</controlfield>
<controlfield tag="003">NNU</controlfield>
<controlfield tag="005">20001218185058.0</controlfield>
<controlfield tag="008">920813q19001992ua            000 0 ara d</controlfield>
<datafield tag="035" ind1="9" ind2=" ">
<subfield code="a">NYUb12219704</subfield>
</datafield>
<datafield tag="035" ind1=" " ind2=" ">
<subfield code="a">(CStRLIN)NJPG92-B44439</subfield>
</datafield>
<datafield tag="040" ind1=" " ind2=" ">
<subfield code="a">NjP</subfield>
<subfield code="c">NjP</subfield>
</datafield>
<datafield tag="100" ind1="1" ind2=" ">
<subfield code="a">Ibn Taymīyah, Aḥmad ibn ʻAbd al-Ḥalīm,</subfield>
<subfield code="d">1263-1328.</subfield>
</datafield>
<datafield tag="245" ind1="1" ind2="0">
<subfield code="a">Risālah al-ʻarshīyah /</subfield>
<subfield code="c">lil-Imām Taqī al-Dīn Abī ʻAbbās Aḥmad Ibn Taymīyah ; ʻuniyat bi-nashrihā wa-taṣḥīḥihā wa-al-taʻlīq ʻalayhā lil-marrah al-ūlá Idārat al-Ṭibāʻah al-Munīrīyah.</subfield>
</datafield>
<datafield tag="260" ind1=" " ind2=" ">
<subfield code="a">Miṣr :</subfield>
<subfield code="b">al-Maṭbaʻah al-Munīrīyah,</subfield>
<subfield code="c">[19--?]</subfield>
</datafield>
<datafield tag="300" ind1=" " ind2=" ">
<subfield code="a">33 p. ;</subfield>
<subfield code="c">24 cm.</subfield>
</datafield>
<datafield tag="OWN" ind1=" " ind2=" ">
<subfield code="a">GENERAL</subfield>
</datafield>
<datafield tag="950" ind1=" " ind2=" ">
<subfield code="l">BMAIN</subfield>
<subfield code="a">BP166.2</subfield>
<subfield code="b">.I247 1978</subfield>
</datafield>
<datafield tag="955" ind1=" " ind2=" ">
<subfield code="l">BMAIN</subfield>
<subfield code="c">1</subfield>
<subfield code="r">013587848</subfield>
</datafield>
<datafield tag="987" ind1=" " ind2=" ">
<subfield code="a">tracings : missing?</subfield>
</datafield>
<datafield tag="998" ind1=" " ind2=" ">
<subfield code="s">9124</subfield>
</datafield>
<datafield tag="AVA" ind1=" " ind2=" ">
<subfield code="a">NYU50</subfield>
<subfield code="b">BOBST</subfield>
<subfield code="c">Main Collection</subfield>
<subfield code="d">BP166.2 .I247 1978</subfield>
<subfield code="e">unavailable</subfield>
<subfield code="t">Unavailable</subfield>
<subfield code="f">1</subfield>
<subfield code="g">1</subfield>
<subfield code="h">N</subfield>
<subfield code="i">0</subfield>
<subfield code="j">MAIN</subfield>
<subfield code="k">0</subfield>
</datafield>
</record>
